@article{imageNet,
    author = {Russakovsky, Olga and Deng, Jia and Su, Hao and Krause, Jonathan and Satheesh, Sanjeev and Ma, Sean and Huang, Zhiheng and Karpathy, Andrej and Khosla, Aditya and Bernstein, Michael and Berg, Alexander and Fei-Fei, Li},
    year = {2014},
    month = {09},
    pages = {},
    title = {ImageNet Large Scale Visual Recognition Challenge},
    volume = {115},
    journal = {International Journal of Computer Vision},
    doi = {10.1007/s11263-015-0816-y}
}
